%
%  An example of a bibliographical database for bibTeX
%
%  Recommended software for maintenance of *.bib files:
%    JabRef, http://jabref.sourceforge.net/
%
%  BEWARE:
%
%    *  If a name contains a capital letter, which must be kept such,
%       use curly brackets ({T}hailand, {HIV}).
%
%  ===========================================================================

@BOOK{vanderVorst03,
  title = {Iterative Krylov Methods for Large
Linear Systems},
  publisher = {Cambridge University Press},
  year = {2003},
  author = {van der Vorst, Henk A.},
  address = {The Edinburgh Building, Cambridge CB2 2RU, United Kingdom},
  series = {1},
  isbn = {0-511-06134-X eBook}
}

@BOOK{Saad03,
  title = {Iterative Methods for Sparse Linear Systems},
  publisher = {Society for Industrial and Applied Mathematics},
  year = {2003},
  author = {Yousef Saad},
  address = {},
  series = {Second Edition},
  isbn = {}
}

@BOOK{LiesenStrakos12,
  title = {Krylov Subspace Methods: Principles and Analysis},
  publisher = {Oxford University Press},
  year = {2012},
  author = {Jörg Liesen, Zdenek Strakos},
  address = {},
  series = {},
  isbn = {9780191744174}
}

@BOOK{Hnetykova12,
  title = {Analýza metod pro maticové výpočty: základní metody},
  publisher = {MatfyzPress},
  year = {2012},
  author = {Jurjen Duintjer Tebbens, Iveta Hnětynková, Martin Plešinger, Zdeněk Strakoš, Petr Tichý},
  address = {},
  series = {},
  isbn = {978-80-7378-201-6}
}

@ARTICLE{HestenesStiefel52,
  author = {Magnus R. Hestenes, Eduard Stiefel},
  title = {Methods Of Conjugate Gradients for Solving Linear Systems},
  journal = {Journal of Research of the National Bureau of Standards},
  year = {1952},
  volume = {49},
  pages = {},
  number = {6}
}



@article{Hayami08,
  author = {Ken Hayami},
  title = {Convergence of the Conjugate Gradient Method on Singular Systems},
  journal = {On the Convergence of Krylov Subspace Methods for
Rank-Deficient Least Squares Problems (Invited talk)},
  year = {2008},
  address = {National Institute of Informatics, 2-1-2, Hitotsubashi, Chiyoda-ku, Tokyo 101-8430, Japan, and SOKENDAI (The Graduate University for Advanced Studies)},
  volume = {},
  pages = {},
  number = {6}
}

}
